<?xml version="1.0" encoding="UTF-8"?><collection xmlns="http://www.loc.gov/MARC21/slim"><record><leader>00405nam--2200145-i-4500</leader><controlfield tag="001">000020154</controlfield><controlfield tag="002">20161230</controlfield><controlfield tag="005">20161230201033</controlfield><controlfield tag="008">060222s1000------------r-----000-0-eng-d</controlfield><datafield ind1=" " ind2=" " tag="080"><subfield code="a">539.12.01:530.145</subfield></datafield><datafield ind1=" " ind2=" " tag="100"><subfield code="a">Fonda, L. And Ghirardi, G.C</subfield></datafield><datafield ind1=" " ind2=" " tag="245"><subfield code="a">Symetry principles in quantum physics</subfield></datafield><datafield ind1=" " ind2=" " tag="260"><subfield code="a">New York, Marcel Dekker, Inc., 1970. Xiii + 515 P</subfield></datafield><datafield ind1=" " ind2=" " tag="490"><subfield code="a">Theoretical Physics</subfield></datafield><datafield ind1=" " ind2=" " tag="852"><subfield code="a">34787</subfield></datafield></record></collection>